%YAML 1.1
%TAG !u! tag:unity3d.com,2011:
--- !u!114 &1225672917
MonoBehaviour:
  m_ObjectHideFlags: 0
  m_CorrespondingSourceObject: {fileID: 0}
  m_PrefabInstance: {fileID: 0}
  m_PrefabAsset: {fileID: 0}
  m_GameObject: {fileID: 8524890797170491192}
  m_Enabled: 1
  m_EditorHideFlags: 0
  m_Script: {fileID: 11500000, guid: 74042a557f3c8114fa55c2b8e5562228, type: 3}
  m_Name: 
  m_EditorClassIdentifier: 
  pickUpPrefabs:
  - pickUpPrefab: {fileID: 7940733787366698157, guid: 72a53ed8193074c45a6f17a0079f255a,
      type: 3}
    probability: 0.7
  - pickUpPrefab: {fileID: 1358309597087946533, guid: dffe8bb5724a3e041be178cb588cebeb,
      type: 3}
    probability: 0.3
  pickUpParent: {fileID: 0}
  spawnChance: 0.3
  pickUpLevitationHeight: 0.2
--- !u!1 &8524890797235223542
GameObject:
  m_ObjectHideFlags: 0
  m_CorrespondingSourceObject: {fileID: 0}
  m_PrefabInstance: {fileID: 0}
  m_PrefabAsset: {fileID: 0}
  serializedVersion: 6
  m_Component:
  - component: {fileID: 8524890797235223543}
  - component: {fileID: 5239047894558322347}
  m_Layer: 0
  m_Name: Core
  m_TagString: Untagged
  m_Icon: {fileID: 0}
  m_NavMeshLayer: 0
  m_StaticEditorFlags: 0
  m_IsActive: 1
--- !u!4 &8524890797235223543
Transform:
  m_ObjectHideFlags: 0
  m_CorrespondingSourceObject: {fileID: 0}
  m_PrefabInstance: {fileID: 0}
  m_PrefabAsset: {fileID: 0}
  m_GameObject: {fileID: 8524890797235223542}
  m_LocalRotation: {x: 0, y: 0, z: 0, w: 1}
  m_LocalPosition: {x: 0, y: 0, z: 0}
  m_LocalScale: {x: 1, y: 1, z: 1}
  m_Children:
  - {fileID: 8524890796685946304}
  - {fileID: 8524890797170491194}
  - {fileID: 6642943253056657679}
  m_Father: {fileID: 0}
  m_RootOrder: 0
  m_LocalEulerAnglesHint: {x: 0, y: 0, z: 0}
--- !u!114 &5239047894558322347
MonoBehaviour:
  m_ObjectHideFlags: 0
  m_CorrespondingSourceObject: {fileID: 0}
  m_PrefabInstance: {fileID: 0}
  m_PrefabAsset: {fileID: 0}
  m_GameObject: {fileID: 8524890797235223542}
  m_Enabled: 1
  m_EditorHideFlags: 0
  m_Script: {fileID: 11500000, guid: 54128d4efe01e3847917b3998adb952a, type: 3}
  m_Name: 
  m_EditorClassIdentifier: 
  persistentObjectPrefab: {fileID: 4561210406391411921, guid: 64f1655afed6f06439bab6ae4e350cb4,
    type: 3}
--- !u!1001 &802367104716821306
PrefabInstance:
  m_ObjectHideFlags: 0
  serializedVersion: 2
  m_Modification:
    m_TransformParent: {fileID: 8524890797235223543}
    m_Modifications:
    - target: {fileID: 787633101353324969, guid: ecdbb58f3e4e4c34088531e6ebfe304b,
        type: 3}
      propertyPath: m_Name
      value: Player
      objectReference: {fileID: 0}
    - target: {fileID: 6274337884621228597, guid: ecdbb58f3e4e4c34088531e6ebfe304b,
        type: 3}
      propertyPath: m_LocalPosition.x
      value: 0
      objectReference: {fileID: 0}
    - target: {fileID: 6274337884621228597, guid: ecdbb58f3e4e4c34088531e6ebfe304b,
        type: 3}
      propertyPath: m_LocalPosition.y
      value: 0.64
      objectReference: {fileID: 0}
    - target: {fileID: 6274337884621228597, guid: ecdbb58f3e4e4c34088531e6ebfe304b,
        type: 3}
      propertyPath: m_LocalPosition.z
      value: 0
      objectReference: {fileID: 0}
    - target: {fileID: 6274337884621228597, guid: ecdbb58f3e4e4c34088531e6ebfe304b,
        type: 3}
      propertyPath: m_LocalRotation.x
      value: -0
      objectReference: {fileID: 0}
    - target: {fileID: 6274337884621228597, guid: ecdbb58f3e4e4c34088531e6ebfe304b,
        type: 3}
      propertyPath: m_LocalRotation.y
      value: -0
      objectReference: {fileID: 0}
    - target: {fileID: 6274337884621228597, guid: ecdbb58f3e4e4c34088531e6ebfe304b,
        type: 3}
      propertyPath: m_LocalRotation.z
      value: -0
      objectReference: {fileID: 0}
    - target: {fileID: 6274337884621228597, guid: ecdbb58f3e4e4c34088531e6ebfe304b,
        type: 3}
      propertyPath: m_LocalRotation.w
      value: 1
      objectReference: {fileID: 0}
    - target: {fileID: 6274337884621228597, guid: ecdbb58f3e4e4c34088531e6ebfe304b,
        type: 3}
      propertyPath: m_RootOrder
      value: 2
      objectReference: {fileID: 0}
    - target: {fileID: 6274337884621228597, guid: ecdbb58f3e4e4c34088531e6ebfe304b,
        type: 3}
      propertyPath: m_LocalEulerAnglesHint.x
      value: 0
      objectReference: {fileID: 0}
    - target: {fileID: 6274337884621228597, guid: ecdbb58f3e4e4c34088531e6ebfe304b,
        type: 3}
      propertyPath: m_LocalEulerAnglesHint.y
      value: 0
      objectReference: {fileID: 0}
    - target: {fileID: 6274337884621228597, guid: ecdbb58f3e4e4c34088531e6ebfe304b,
        type: 3}
      propertyPath: m_LocalEulerAnglesHint.z
      value: 0
      objectReference: {fileID: 0}
    - target: {fileID: 4008283461115634771, guid: ecdbb58f3e4e4c34088531e6ebfe304b,
        type: 3}
      propertyPath: m_Name
      value: BottomCenter
      objectReference: {fileID: 0}
    - target: {fileID: 6264522747757184373, guid: ecdbb58f3e4e4c34088531e6ebfe304b,
        type: 3}
      propertyPath: bottomCenter
      value: 
      objectReference: {fileID: 8276967688209774228}
    m_RemovedComponents: []
  m_SourcePrefab: {fileID: 100100000, guid: ecdbb58f3e4e4c34088531e6ebfe304b, type: 3}
--- !u!4 &6642943253056657679 stripped
Transform:
  m_CorrespondingSourceObject: {fileID: 6274337884621228597, guid: ecdbb58f3e4e4c34088531e6ebfe304b,
    type: 3}
  m_PrefabInstance: {fileID: 802367104716821306}
  m_PrefabAsset: {fileID: 0}
--- !u!4 &8276967688209774228 stripped
Transform:
  m_CorrespondingSourceObject: {fileID: 8790787754741720494, guid: ecdbb58f3e4e4c34088531e6ebfe304b,
    type: 3}
  m_PrefabInstance: {fileID: 802367104716821306}
  m_PrefabAsset: {fileID: 0}
--- !u!1001 &1771109018958335928
PrefabInstance:
  m_ObjectHideFlags: 0
  serializedVersion: 2
  m_Modification:
    m_TransformParent: {fileID: 8524890797235223543}
    m_Modifications:
    - target: {fileID: 7987768665512046720, guid: 5102f16761f78e44a8b8bc6c9563d6ba,
        type: 3}
      propertyPath: m_Name
      value: GameManager
      objectReference: {fileID: 0}
    - target: {fileID: 7987768665512046722, guid: 5102f16761f78e44a8b8bc6c9563d6ba,
        type: 3}
      propertyPath: m_LocalPosition.x
      value: 0
      objectReference: {fileID: 0}
    - target: {fileID: 7987768665512046722, guid: 5102f16761f78e44a8b8bc6c9563d6ba,
        type: 3}
      propertyPath: m_LocalPosition.y
      value: 0
      objectReference: {fileID: 0}
    - target: {fileID: 7987768665512046722, guid: 5102f16761f78e44a8b8bc6c9563d6ba,
        type: 3}
      propertyPath: m_LocalPosition.z
      value: 0
      objectReference: {fileID: 0}
    - target: {fileID: 7987768665512046722, guid: 5102f16761f78e44a8b8bc6c9563d6ba,
        type: 3}
      propertyPath: m_LocalRotation.x
      value: -0
      objectReference: {fileID: 0}
    - target: {fileID: 7987768665512046722, guid: 5102f16761f78e44a8b8bc6c9563d6ba,
        type: 3}
      propertyPath: m_LocalRotation.y
      value: -0
      objectReference: {fileID: 0}
    - target: {fileID: 7987768665512046722, guid: 5102f16761f78e44a8b8bc6c9563d6ba,
        type: 3}
      propertyPath: m_LocalRotation.z
      value: -0
      objectReference: {fileID: 0}
    - target: {fileID: 7987768665512046722, guid: 5102f16761f78e44a8b8bc6c9563d6ba,
        type: 3}
      propertyPath: m_LocalRotation.w
      value: 1
      objectReference: {fileID: 0}
    - target: {fileID: 7987768665512046722, guid: 5102f16761f78e44a8b8bc6c9563d6ba,
        type: 3}
      propertyPath: m_RootOrder
      value: 1
      objectReference: {fileID: 0}
    - target: {fileID: 7987768665512046722, guid: 5102f16761f78e44a8b8bc6c9563d6ba,
        type: 3}
      propertyPath: m_LocalEulerAnglesHint.x
      value: 0
      objectReference: {fileID: 0}
    - target: {fileID: 7987768665512046722, guid: 5102f16761f78e44a8b8bc6c9563d6ba,
        type: 3}
      propertyPath: m_LocalEulerAnglesHint.y
      value: 0
      objectReference: {fileID: 0}
    - target: {fileID: 7987768665512046722, guid: 5102f16761f78e44a8b8bc6c9563d6ba,
        type: 3}
      propertyPath: m_LocalEulerAnglesHint.z
      value: 0
      objectReference: {fileID: 0}
    - target: {fileID: 2696200899883800947, guid: 5102f16761f78e44a8b8bc6c9563d6ba,
        type: 3}
      propertyPath: enemyPrefabs.Array.size
      value: 1
      objectReference: {fileID: 0}
    - target: {fileID: 2696200899883800947, guid: 5102f16761f78e44a8b8bc6c9563d6ba,
        type: 3}
      propertyPath: enemyPrefabs.Array.data[0]
      value: 
      objectReference: {fileID: 2417437199897488372, guid: 42b060bc2c727c14581e02f1edb2cd9e,
        type: 3}
    - target: {fileID: 7987768665512046721, guid: 5102f16761f78e44a8b8bc6c9563d6ba,
        type: 3}
      propertyPath: platformPrefabs.Array.size
      value: 1
      objectReference: {fileID: 0}
    - target: {fileID: 7987768665512046721, guid: 5102f16761f78e44a8b8bc6c9563d6ba,
        type: 3}
      propertyPath: platformPrefabs.Array.data[0]
      value: 
      objectReference: {fileID: 6458561483435617630, guid: 0985885308613d84482b80140ef375f7,
        type: 3}
    - target: {fileID: 7987768665512046721, guid: 5102f16761f78e44a8b8bc6c9563d6ba,
        type: 3}
      propertyPath: platformPrefabs.Array.data[1]
      value: 
      objectReference: {fileID: 8033126392696058077, guid: 558a97670a97ed9439cedfbdffd9aa63,
        type: 3}
    - target: {fileID: 7987768665512046721, guid: 5102f16761f78e44a8b8bc6c9563d6ba,
        type: 3}
      propertyPath: platformParent
      value: 
      objectReference: {fileID: 0}
    - target: {fileID: 7987768665512046721, guid: 5102f16761f78e44a8b8bc6c9563d6ba,
        type: 3}
      propertyPath: worldHalfWidth
      value: 6.4
      objectReference: {fileID: 0}
    - target: {fileID: 7987768665512046721, guid: 5102f16761f78e44a8b8bc6c9563d6ba,
        type: 3}
      propertyPath: generationThreshhold
      value: 6
      objectReference: {fileID: 0}
    - target: {fileID: 7987768665512046721, guid: 5102f16761f78e44a8b8bc6c9563d6ba,
        type: 3}
      propertyPath: platformDoubleYDistance
      value: 4.5
      objectReference: {fileID: 0}
    m_RemovedComponents: []
  m_SourcePrefab: {fileID: 100100000, guid: 5102f16761f78e44a8b8bc6c9563d6ba, type: 3}
--- !u!1 &8524890797170491192 stripped
GameObject:
  m_CorrespondingSourceObject: {fileID: 7987768665512046720, guid: 5102f16761f78e44a8b8bc6c9563d6ba,
    type: 3}
  m_PrefabInstance: {fileID: 1771109018958335928}
  m_PrefabAsset: {fileID: 0}
--- !u!4 &8524890797170491194 stripped
Transform:
  m_CorrespondingSourceObject: {fileID: 7987768665512046722, guid: 5102f16761f78e44a8b8bc6c9563d6ba,
    type: 3}
  m_PrefabInstance: {fileID: 1771109018958335928}
  m_PrefabAsset: {fileID: 0}
--- !u!1001 &6307868215899212811
PrefabInstance:
  m_ObjectHideFlags: 0
  serializedVersion: 2
  m_Modification:
    m_TransformParent: {fileID: 8524890797235223543}
    m_Modifications:
    - target: {fileID: 2433196948095770935, guid: 4477ba2a917c2244fa61894657ebf708,
        type: 3}
      propertyPath: m_Name
      value: Main Camera
      objectReference: {fileID: 0}
    - target: {fileID: 2433196948095771083, guid: 4477ba2a917c2244fa61894657ebf708,
        type: 3}
      propertyPath: m_LocalPosition.x
      value: 0
      objectReference: {fileID: 0}
    - target: {fileID: 2433196948095771083, guid: 4477ba2a917c2244fa61894657ebf708,
        type: 3}
      propertyPath: m_LocalPosition.y
      value: 0
      objectReference: {fileID: 0}
    - target: {fileID: 2433196948095771083, guid: 4477ba2a917c2244fa61894657ebf708,
        type: 3}
      propertyPath: m_LocalPosition.z
      value: -10
      objectReference: {fileID: 0}
    - target: {fileID: 2433196948095771083, guid: 4477ba2a917c2244fa61894657ebf708,
        type: 3}
      propertyPath: m_LocalRotation.x
      value: -0
      objectReference: {fileID: 0}
    - target: {fileID: 2433196948095771083, guid: 4477ba2a917c2244fa61894657ebf708,
        type: 3}
      propertyPath: m_LocalRotation.y
      value: -0
      objectReference: {fileID: 0}
    - target: {fileID: 2433196948095771083, guid: 4477ba2a917c2244fa61894657ebf708,
        type: 3}
      propertyPath: m_LocalRotation.z
      value: -0
      objectReference: {fileID: 0}
    - target: {fileID: 2433196948095771083, guid: 4477ba2a917c2244fa61894657ebf708,
        type: 3}
      propertyPath: m_LocalRotation.w
      value: 1
      objectReference: {fileID: 0}
    - target: {fileID: 2433196948095771083, guid: 4477ba2a917c2244fa61894657ebf708,
        type: 3}
      propertyPath: m_RootOrder
      value: 0
      objectReference: {fileID: 0}
    - target: {fileID: 2433196948095771083, guid: 4477ba2a917c2244fa61894657ebf708,
        type: 3}
      propertyPath: m_LocalEulerAnglesHint.x
      value: 0
      objectReference: {fileID: 0}
    - target: {fileID: 2433196948095771083, guid: 4477ba2a917c2244fa61894657ebf708,
        type: 3}
      propertyPath: m_LocalEulerAnglesHint.y
      value: 0
      objectReference: {fileID: 0}
    - target: {fileID: 2433196948095771083, guid: 4477ba2a917c2244fa61894657ebf708,
        type: 3}
      propertyPath: m_LocalEulerAnglesHint.z
      value: 0
      objectReference: {fileID: 0}
    - target: {fileID: 1850971028666111824, guid: 4477ba2a917c2244fa61894657ebf708,
        type: 3}
      propertyPath: followTarget
      value: 
      objectReference: {fileID: 6642943253056657679}
    - target: {fileID: 2433196948095770932, guid: 4477ba2a917c2244fa61894657ebf708,
        type: 3}
      propertyPath: orthographic size
      value: 5
      objectReference: {fileID: 0}
    m_RemovedComponents: []
  m_SourcePrefab: {fileID: 100100000, guid: 4477ba2a917c2244fa61894657ebf708, type: 3}
--- !u!4 &8524890796685946304 stripped
Transform:
  m_CorrespondingSourceObject: {fileID: 2433196948095771083, guid: 4477ba2a917c2244fa61894657ebf708,
    type: 3}
  m_PrefabInstance: {fileID: 6307868215899212811}
  m_PrefabAsset: {fileID: 0}
